@inproceedings{kiros2015skip,
  title={Skip-thought vectors},
  author={Kiros, Ryan and Zhu, Yukun and Salakhutdinov, Ruslan R and Zemel, Richard and Urtasun, Raquel and Torralba, Antonio and Fidler, Sanja},
  booktitle={Advances in Neural Information Processing Systems},
  pages={3276--3284},
  year={2015}
}
@inproceedings{sutskever2014sequence,
  title={Sequence to sequence learning with neural networks},
  author={Sutskever, Ilya and Vinyals, Oriol and Le, Quoc V},
  booktitle={Advances in neural information processing systems},
  pages={3104--3112},
  year={2014}
}

@inproceedings{kai2015treelstm,
  title={Improved Semantic Representations From Tree-Structured Long Short-Term Memory Networks},
  author={Tai, Kai Sheng and Socher, Richard and D. Manning, Christopher},
  booktitle={Association for Computational Linguistic (ACL)},
  year={2015}
}
ai Sheng Tai, Richard Socher, and Christopher Manning

@inproceedings{chung2014empirical,
  title={Empirical Evaluation of Gated Recurrent Neural Networks on Sequence Modeling},
  author={Chung, Junyoung and Gulcehre, Caglar and Cho, KyungHyun and Bengio, Yoshua},
  booktitle={NIPS 2014 Deep Learning and Representation Learning Workshop},
  year={2014}
}

@inproceedings{cho2014properties,
  title={On the properties of neural machine translation: Encoder-decoder approaches},
  author={Cho, Kyunghyun and van Merri{\"e}nboer, Bart and Bahdanau, Dzmitry and Bengio, Yoshua},
  booktitle={Eighth Workshop on Syntax, Semantics and Structure in Statistical Translation (SSST-8)},
  year={2014}
}

@inproceedings{giles1992extracting,
  author    = {C. Lee Giles and
               Clifford B. Miller and
               Dong Chen and
               Guo{-}Zheng Sun and
               Hsing{-}Hen Chen and
               Yee{-}Chun Lee},
  title     = {Extracting and Learning an Unknown Grammar with Recurrent Neural Networks},
  booktitle = {Advances in Neural Information Processing Systems},
  pages     = {317--324},
  year      = {1991},
  url       = {http://papers.nips.cc/paper/555-extracting-and-learning-an-unknown-grammar-with-recurrent-neural-networks},
  timestamp = {Thu, 11 Dec 2014 17:34:08 +0100},
  biburl    = {http://dblp.uni-trier.de/rec/bib/conf/nips/GilesMCSCL91},
  bibsource = {dblp computer science bibliography, http://dblp.org}
}

@proceedings{DBLP:conf/nips/1991,
  editor    = {John E. Moody and
               Stephen Jose Hanson and
               Richard Lippmann},
  title     = {Advances in Neural Information Processing Systems},
  publisher = {Morgan Kaufmann},
  year      = {1992},
  url       = {http://papers.nips.cc/book/advances-in-neural-information-processing-systems-4-1991},
  isbn      = {1-55860-222-4},
  timestamp = {Thu, 11 Dec 2014 17:34:08 +0100},
  biburl    = {http://dblp.uni-trier.de/rec/bib/conf/nips/1991},
  bibsource = {dblp computer science bibliography, http://dblp.org}
}
@inproceedings{erhan2009visualizing,
  title={Visualizing higher-layer features of a deep network},
  author={Erhan, Dumitru and Bengio, Yoshua and Courville, Aaron and Vincent, Pascal},
  booktitle={International Conference on Machine Learning  (ICML) Workshop on Learning Feature Hierarchies},
  volume={1341},
  year={2009}
}

@inproceedings{simonyan2013deep,
  title={Deep inside convolutional networks: Visualising image classification models and saliency maps},
  author={Simonyan, Karen and Vedaldi, Andrea and Zisserman, Andrew},
  booktitle={ International Conference on Learning Representation (ICLR) Workshop},
  year={2014}
}



@inproceedings{yu2015video,
  title={Video Paragraph Captioning using Hierarchical Recurrent Neural Networks},
  author={Yu, Haonan and Wang, Jiang and Huang, Zhiheng and Yang, Yi and Xu, Wei},
  booktitle={Describing and Understanding Video \& The Large Scale Movie Description Challenge (LSMDC) at Internation Conference on Computer Vision (ICCV)},
  year={2015}
}


@inproceedings{karpathy2015deep,
  title={Deep visual-semantic alignments for generating image descriptions},
  author={Karpathy, Andrej and Fei-Fei, Li},
  booktitle={Proceedings of the IEEE Conference on Computer Vision and Pattern Recognition},
  pages={3128--3137},
  year={2015}
}


@inproceedings{visin2015reseg,
  title={ReSeg: A Recurrent Neural Network for Object Segmentation},
  author={Visin, Francesco and Kastner, Kyle and Courville, Aaron and Bengio, Yoshua and Matteucci, Matteo and Cho, Kyunghyun},
  booktitle = {IEEE Conference on Computer Vision and Pattern Recognition Workshops (CVPRW)},
  year={2016}
}


@inproceedings{gregor2015draw,
  title={DRAW: A recurrent neural network for image generation},
  author={Gregor, Karol and Danihelka, Ivo and Graves, Alex and Wierstra, Daan},
  booktitle={International Conference on Machine Learning (ICML) },
  year={2015}
}


@inproceedings{rocktaschel2016reasoning,
  title={Reasoning about Entailment with Neural Attention},
  author={Rockt{\"a}schel, Tim and Grefenstette, Edward and Hermann, Karl Moritz and Ko{\v{c}}isk{\`y}, Tom{\'a}{\v{s}} and Blunsom, Phil},
  booktitle={International Conference on Learning Representations (ICLR)},
  year={2016}
}


@inproceedings{bahdanau2014neural,
  title={Neural machine translation by jointly learning to align and translate},
  author={Bahdanau, Dzmitry and Cho, Kyunghyun and Bengio, Yoshua},
  booktitle={ International Conference on Learning Representation (ICLR) },
  year={2015}
}

@inproceedings{yoonneural2014,
  title={Convolutional Neural Networks for Sentence Classification},
  author={Kim, Yoon},
  booktitle={ Conference on Empirical Methods in Natural Language Processing (EMNLP) },
  year={2014}
}

@inproceedings{vinyals2015grammar,
  title={Grammar as a foreign language},
  author={Vinyals, Oriol and Kaiser, {\L}ukasz and Koo, Terry and Petrov, Slav and Sutskever, Ilya and Hinton, Geoffrey},
  booktitle={Advances in Neural Information Processing Systems},
  pages={2755--2763},
  year={2015}
}



@article{jacobsson2005rule,
  title={Rule Extraction from Recurrent Neural Networks: ATaxonomy and Review},
  author={Jacobsson, Henrik},
  journal={Neural Computation},
  volume={17},
  number={6},
  pages={1223--1263},
  year={2005},
  publisher={MIT Press}
}


@inproceedings{nguyen2016multifaceted,
  title={Multifaceted Feature Visualization: Uncovering the Different Types of Features Learned By Each Neuron in Deep Neural Networks},
  author={Nguyen, Anh and Yosinski, Jason and Clune, Jeff},
  booktitle = {Visualization for Deep Learning workshop at International Conference on Machine Learning (ICML)},
  year={2016}
}



@article{mahendran2015visualizing,
  title={Visualizing Deep Convolutional Neural Networks Using Natural Pre-Images},
  author={Mahendran, Aravindh and Vedaldi, Andrea},
  journal={International Journal of Computer Vision},
  volume = {120}, 
  number = {3}, 
  pages = {233--255},
  year={2016}
}

@inproceedings{dosovitskiy2015inverting,
  title={Understanding Deep Image Representations by Inverting Them},
  author={Dosovitskiy, Alexey and Brox, Thomas},
  booktitle={Proceedings of the IEEE Conference on Computer Vision and Pattern Recognition (CVPR)},
  year={2015}
}


@inproceedings{yosinski2015understanding,
  title={Understanding neural networks through deep visualization},
  author={Yosinski, Jason and Clune, Jeff and Nguyen, Anh and Fuchs, Thomas and Lipson, Hod},
  booktitle={International Conference on Machine Learning  (ICML)},
  year={2015}
}


@inproceedings{mahendran2015understanding,
  title={Understanding deep image representations by inverting them},
  author={Mahendran, Aravindh and Vedaldi, Andrea},
  booktitle={IEEE Conference on Computer Vision and Pattern Recognition (CVPR)},
  pages={5188--5196},
  year={2015}
}


@inproceedings{eigen2013understanding,
  title={Understanding deep architectures using a recursive convolutional network},
  author={Eigen, David and Rolfe, Jason and Fergus, Rob and LeCun, Yann},
  booktitle={International Conference on Learning Representations (ICLR)},
  year={2014}
}


@inproceedings{zhou2014object,
   title={Object detectors emerge in deep scene cnns},
  author={Zhou, Bolei and Khosla, Aditya and Lapedriza, Agata and Oliva, Aude and Torralba, Antonio},
  booktitle={International Conference on Learning Representations (ICLR)},
   year={2015}
}



@inproceedings{martins2013turning,
  title={Turning on the Turbo: Fast Third-Order Non-Projective Turbo Parsers.},
  author={Martins, Andr{\'e} FT and Almeida, Miguel and Smith, Noah A},
  booktitle={Association for Computational Linguistic (ACL)},
  pages={617--622},
  year={2013}
}

@inproceedings{karpathy2015visualizing,
  title={Visualizing and Understanding Recurrent Networks},
  author={Karpathy, Andrej and Johnson, Justin and Li, Fei-Fei},
  booktitle={International Conference on Learning Representations (ICLR) Workshop},
  year={2016}
}

@inproceedings{li2015convergent,
  title={Convergent Learning: Do different neural networks learn the same representations?},
  author={Li, Yixuan and Yosinski, Jason and Clune, Jeff and Lipson, Hod and Hopcroft, John},
  booktitle={International Conference on Learning Representation (ICLR)},
  year={2016}
}

@inproceedings{krizhevsky2012imagenet,
  title={Imagenet classification with deep convolutional neural networks},
  author={Krizhevsky, Alex and Sutskever, Ilya and Hinton, Geoffrey E},
  booktitle={Advances in neural information processing systems},
  pages={1097--1105},
  year={2012}
}


@inproceedings{li2015visualizing,
  title={Visualizing and Understanding Neural Models in {NLP}},
  author={Li, Jiwei and Chen, Xinlei and Hovy, Eduard and Jurafsky, Dan},
  booktitle={North American Chapter of the Association for Computational Linguistic (NAACL)},
  year={2016}
}

@inproceedings{chrupala2015learning,
  title={Learning language through pictures},
  author={Chrupa{\l}a, Grzegorz and K{\'a}d{\'a}r, {\'A}kos and Alishahi, Afra},
  booktitle={Association for Computational Linguistic (ACL)},
  year={2015}
}


@inproceedings{lin2014microsoft,
  title={Microsoft COCO: Common objects in context},
  author={Lin, Tsung-Yi and Maire, Michael and Belongie, Serge and Hays, James and Perona, Pietro and Ramanan, Deva and Doll{\'a}r, Piotr and Zitnick, C Lawrence},
  booktitle={Computer Vision--ECCV},
  pages={740--755},
  year={2014}
}

@article{lipton2015critical,
  title={A Critical Review of Recurrent Neural Networks for Sequence Learning},
  author={Lipton, Zachary C},
  journal={arXiv preprint arXiv:1506.00019},
  year={2015}
}

@inproceedings{mikolov2011extensions,
  title={Extensions of recurrent neural network language model},
  author={Mikolov, Tom{\'a}{\v{s}} and Kombrink, Stefan and Burget, Luk{\'a}{\v{s}} and {\v{C}}ernock{\`y}, Jan Honza and Khudanpur, Sanjeev},
  booktitle={Acoustics, Speech and Signal Processing (ICASSP), 2011 IEEE International Conference on},
  pages={5528--5531},
  year={2011}
}

@article{elman1991distributed,
  title={Distributed representations, simple recurrent networks, and grammatical structure},
  author={Elman, Jeffrey L},
  journal={Machine learning},
  volume={7},
  number={2-3},
  pages={195--225},
  year={1991},
  publisher={Kluwer Academic Publishers}
}

@article{bengio2003neural,
  title={A neural probabilistic language model},
  author={Bengio, Yoshua and Ducharme, R{\'e}jean and Vincent, Pascal and Janvin, Christian},
  journal={The Journal of Machine Learning Research},
  volume={3},
  pages={1137--1155},
  year={2003},
  publisher={JMLR. org}
}

@inproceedings{jordan1986attractor,
  title={Attractor dynamics and parallelism in a connectionist sequential network},
  author={Jordan, Michael I},
  booktitle={Proceedings of the Eighth Annual Conference of the Cognitive Science Society},
  year={1986}
}

@article{hochreiter1997long,
  title={Long short-term memory},
  author={Hochreiter, Sepp and Schmidhuber, J{\"u}rgen},
  journal={Neural computation},
  volume={9},
  number={8},
  pages={1735--1780},
  year={1997},
  publisher={MIT Press}
}




@article{elman1990finding,
  title={Finding structure in time},
  author={Elman, Jeffrey L},
  journal={Cognitive science},
  volume={14},
  number={2},
  pages={179--211},
  year={1990},
  publisher={Elsevier}
}

@inproceedings{socher2013recursive,
  title={Recursive deep models for semantic compositionality over a sentiment treebank},
  author={Socher, Richard and Perelygin, Alex and Wu, Jean Y and Chuang, Jason and Manning, Christopher D and Ng, Andrew Y and Potts, Christopher},
  booktitle={Conference on Empirical Methods in Natural Language Processing (EMNLP)},
  volume={1631},
  pages={1642},
  year={2013}
}

@inproceedings{simonyan2014very,
    author       = "Simonyan, K. and Zisserman, A.",
    title        = "Very Deep Convolutional Networks for Large-Scale Image Recognition",
    booktitle      = "International Conference on Learning Representations (ICLR)",
    year         = "2015"
}

@inproceedings{adi2016fine,
  title={Fine-grained analysis of sentence embeddings using auxiliary prediction tasks},
  author={Adi, Yossi and Kermany, Einat and Belinkov, Yonatan and Lavi, Ofer and Goldberg, Yoav},
  booktitle = "International Conference on Learning Representations (ICLR)",
  year={2017}
}

@article{li2016understanding,
  title={Understanding Neural Networks through Representation Erasure},
  author={Li, Jiwei and Monroe, Will and Jurafsky, Dan},
  journal={arXiv preprint arXiv:1612.08220},
  year={2016}
}

@article{linzen2016assessing,
  title={Assessing the Ability of LSTMs to Learn Syntax-Sensitive Dependencies},
  author={Linzen, Tal and Dupoux, Emmanuel and Goldberg, Yoav},
  journal={Transactions of the Association for Computational Linguistics},
  volume={4}, 
  pages={521--535},
  year={2016}
}
